@article{fama1965,
 ISSN = {00219398, 15375374},
 URL = {http://www.jstor.org/stable/2350752},
 author = {Eugene F. Fama},
 journal = {The Journal of Business},
 number = {1},
 pages = {34--105},
 publisher = {University of Chicago Press},
 title = {The Behavior of Stock-Market Prices},
 volume = {38},
 year = {1965}
}
